@misc{trafficJamMIT,
  author = {Morris R. Flynn and Aslan R. Kasimov and Jean-Christophe Nave and Rodolfo Ruben Rosales and Benjamin Seibold},
  title  = {Traffic Modeling - Phantom Traffic Jams and Traveling Jamitons},
  url    = {https://math.mit.edu/traffic/},
  year   = {2010}
}

@incollection{baudinOpenTURNSIndustrialSoftware2016,
  address   = {Cham},
  title     = {{OpenTURNS}: {An} {Industrial} {Software} for {Uncertainty} {Quantification} in {Simulation}},
  isbn      = {978-3-319-11259-6},
  url       = {https://doi.org/10.1007/978-3-319-11259-6_64-1},
  booktitle = {Handbook of {Uncertainty} {Quantification}},
  publisher = {Springer International Publishing},
  author    = {Baudin, MichaÃ«l and Dutfoy, Anne and Iooss, Bertrand and Popelin, Anne-Laure},
  editor    = {Ghanem, Roger and Higdon, David and Owhadi, Houman},
  year      = {2016},
  doi       = {10.1007/978-3-319-11259-6_64-1},
  pages     = {1--38}
}

@misc{SHAP,
  author = {Lundberg, Scott M. and Lee, Su-In},
  title  = {SHapley Additive exPlanations documentation},
  url    = {https://shap.readthedocs.io/en/latest/},
  year   = {2017}
}

